@misc{ref:cmsc251,
  author = {Dave Mount},
  title = {Lecture Notes, CMSC 251 Algorithms},
  howpublished = "\url{https://www.cs.umd.edu/~meesh/351/mount/lectures/lect14-heapsort-analysis-part.pdf}",
  note = "[Online; accessed 20-November-2022]"
}


